@article{leevy2018survey,
    title={A survey on addressing high-class imbalance in big data},
    author={Leevy, Joffrey L and Khoshgoftaar, Taghi M and Bauder, Richard A and Seliya, Naeem},
    journal={Journal of Big Data},
    volume={5},
    number={1},
    pages={42},
    year={2018},
    publisher={Springer}
}
